<record><leader>00000cas a22000007a 4500</leader><controlfield tag="001">30844000</controlfield><controlfield tag="008">940728d19471948ncuwr ne      0    0eng d</controlfield><datafield ind1=" " ind2=" " tag="010"><subfield code="a">sn 94058245 </subfield></datafield><datafield ind1=" " ind2=" " tag="040"><subfield code="a">NVJ</subfield><subfield code="b">eng</subfield><subfield code="c">NVJ</subfield><subfield code="d">OCLCQ</subfield></datafield><datafield ind1=" " ind2=" " tag="042"><subfield code="a">msc</subfield></datafield><datafield ind1="0" ind2="4" tag="245"><subfield code="a">The Twin city times.</subfield></datafield><datafield ind1=" " ind2=" " tag="260"><subfield code="a">Morehead City, N.C. :</subfield><subfield code="b">Carteret Pub. Co.</subfield></datafield><datafield ind1=" " ind2=" " tag="300"><subfield code="a">v.</subfield></datafield><datafield ind1=" " ind2=" " tag="310"><subfield code="a">Weekly</subfield></datafield><datafield ind1="0" ind2=" " tag="362"><subfield code="a">Vol. 37, no. 44 (Oct. 28, 1947)-v. 37, no. 62 (May 11, 1948).</subfield></datafield><datafield ind1=" " ind2=" " tag="752"><subfield code="a">United States</subfield><subfield code="b">North Carolina</subfield><subfield code="c">Carteret</subfield><subfield code="d">Morehead City.</subfield></datafield><datafield ind1="0" ind2="0" tag="780"><subfield code="t">Twin-city daily times</subfield><subfield code="w">(DLC)sn 94058244</subfield></datafield><datafield ind1="0" ind2="7" tag="785"><subfield code="t">Beaufort news</subfield><subfield code="w">(DLC)sn 91068210</subfield></datafield><datafield ind1="0" ind2="7" tag="785"><subfield code="t">Carteret County news-times</subfield><subfield code="w">(DLC)sn 94058246</subfield></datafield></record>